<record><leader>00000cas a2200000 a 4500</leader><controlfield tag="001">35010989</controlfield><controlfield tag="008">960701d18941896miuwr ne      0    0eng c</controlfield><datafield ind1=" " ind2=" " tag="010"><subfield code="a">sn 96076768 </subfield></datafield><datafield ind1=" " ind2=" " tag="040"><subfield code="a">MHN</subfield><subfield code="b">eng</subfield><subfield code="c">MHN</subfield><subfield code="d">OCL</subfield><subfield code="d">OCLCQ</subfield><subfield code="d">OCLCF</subfield><subfield code="d">OCLCO</subfield></datafield><datafield ind1="1" ind2=" " tag="029"><subfield code="a">AU@</subfield><subfield code="b">000012679559</subfield></datafield><datafield ind1=" " ind2=" " tag="042"><subfield code="a">pcc</subfield></datafield><datafield ind1=" " ind2=" " tag="043"><subfield code="a">n-us-mi</subfield></datafield><datafield ind1="0" ind2="4" tag="245"><subfield code="a">The Clare sentinel and the Democrat-press.</subfield></datafield><datafield ind1="1" ind2="3" tag="246"><subfield code="a">Clare sentinel and Democrat-press</subfield></datafield><datafield ind1=" " ind2=" " tag="260"><subfield code="a">Clare, Mich. :</subfield><subfield code="b">Palmer &amp; Jeffries</subfield></datafield><datafield ind1=" " ind2=" " tag="300"><subfield code="a">v.</subfield></datafield><datafield ind1=" " ind2=" " tag="310"><subfield code="a">Weekly</subfield></datafield><datafield ind1="0" ind2=" " tag="362"><subfield code="a">New ser., vol. 3, no. 5 (Dec. 28, 1894)-new ser., v. 4, no. 35 (July 24, 1896).</subfield></datafield><datafield ind1=" " ind2=" " tag="580"><subfield code="a">Formed by the union of: Clare sentinel (Clare, Mich. : 1892), and: Clare Democrat and press.</subfield></datafield><datafield ind1=" " ind2="0" tag="651"><subfield code="a">Clare (Mich.)</subfield><subfield code="v">Newspapers.</subfield></datafield><datafield ind1=" " ind2="0" tag="651"><subfield code="a">Clare County (Mich.)</subfield><subfield code="v">Newspapers.</subfield></datafield><datafield ind1=" " ind2="7" tag="655"><subfield code="a">Newspapers.</subfield><subfield code="2">fast</subfield><subfield code="0">(OCoLC)fst01423814</subfield></datafield><datafield ind1=" " ind2="7" tag="651"><subfield code="a">Michigan</subfield><subfield code="z">Clare.</subfield><subfield code="2">fast</subfield><subfield code="0">(OCoLC)fst01219680</subfield></datafield><datafield ind1=" " ind2="7" tag="651"><subfield code="a">Michigan</subfield><subfield code="z">Clare County.</subfield><subfield code="2">fast</subfield><subfield code="0">(OCoLC)fst01205196</subfield></datafield><datafield ind1=" " ind2=" " tag="752"><subfield code="a">United States</subfield><subfield code="b">Michigan</subfield><subfield code="c">Clare</subfield><subfield code="d">Clare.</subfield></datafield><datafield ind1="1" ind2="4" tag="780"><subfield code="t">Clare sentinel (Clare, Mich. : 1892)</subfield><subfield code="w">(DLC)sn 96076760</subfield><subfield code="w">(OCoLC)35011127</subfield></datafield><datafield ind1="1" ind2="4" tag="780"><subfield code="t">Clare Democrat and press</subfield><subfield code="w">(DLC)sn 96076759</subfield><subfield code="w">(OCoLC)35003728</subfield></datafield><datafield ind1="0" ind2="0" tag="785"><subfield code="t">Clare sentinel (Clare, Mich. : 1896)</subfield><subfield code="w">(DLC)sn 96076769</subfield><subfield code="w">(OCoLC)35010906</subfield></datafield></record>